<?xml version="1.0" encoding="UTF-8"?><collection xmlns="http://www.loc.gov/MARC21/slim"><record><leader>00301nam--2200121-i-4500</leader><controlfield tag="001">000006475</controlfield><controlfield tag="002">20161230</controlfield><controlfield tag="005">20161230201026</controlfield><controlfield tag="008">060222s1000------------r-----000-0-eng-d</controlfield><datafield ind1=" " ind2=" " tag="100"><subfield code="a">Boiarski, A.I</subfield></datafield><datafield ind1=" " ind2=" " tag="245"><subfield code="a">Matematica pentru economisti</subfield></datafield><datafield ind1=" " ind2=" " tag="260"><subfield code="a">Bucuresti, Ed. Stiintifica, 1963. 492 P</subfield></datafield><datafield ind1=" " ind2=" " tag="852"><subfield code="a">9048</subfield></datafield></record></collection>